@report{ANSI:J18,
    label          = {INCITS 274-1996[S2008]},
    type           = {standard},
    shorthand      = {INCITS 274-1996[S2008]},
    title          = {American National Standard for Information Systems - Programming Language REXX},
    shorttitle     = {ANSI Rexx},
    indexsorttitle = {Rexx ANSI standard},
    keywords       = {ANSI,standard},
    instituition   = {American National Standards Institute (ANSI)},
    url            = {https://webstore.ansi.org/standards/incits/incits2741996s2008},
    urldate        = {2023-09-27}
}
