@online{ARB:NewTypes,
    label          = {New Types},
    shorthand      = {ARB:New Types},
    title          = {New types of strings},
    indextitle     = {ARB Unicode Standard Development - New types of strings},
    keywords       = {ARB},
    institution    = {Architecture Review Board},
    url            = {https://github.com/RexxLA/rexx-repository/edit/master/ARB/standards/work-in-progress/unicode/UnicodeTools/doc/string-types.md},
    urldate        = {2023-09-27}
}
@online{ARB:Issues,
    label          = {Issues},
    shorthand      = {ARB:Issues},
    title          = {Unicode Standard Development - issues},
    indextitle     = {ARB Unicode Standard Development - issues},
    keywords       = {ARB},
    institution    = {Architecture Review Board},
    url            = {https://github.com/users/RexxLA/projects/2/views/6},
    urldate        = {2023-09-27}
}
@online{ARB:Status,
    label          = {Status},
    shorthand      = {ARB: Issue Status},
    title          = {Unicode Standard Development - issue status},
    indextitle     = {ARB Unicode Standard Development - issue status},
    keywords       = {ARB},
    institution    = {Architecture Review Board},
    url            = {https://github.com/users/RexxLA/projects/2/views/1},
    urldate        = {2023-09-27}
}
@online{ARB:RXU,
    label          = {RXU},
    shorthand      = {RXU},
    title          = {The RXU Rexx Preprocessor for Unicode},
    indexsorttitle = {RXU Rexx Preprocessor for Unicode},
    author         = {Josep Maria Blasco},
    keywords       = {ARB},
    institution    = {Architecture Review Board},
    url            = {https://github.com/RexxLA/rexx-repository/blob/master/ARB/standards/work-in-progress/unicode/UnicodeTools/doc/rxu.md},
    urldate        = {2023-09-27}
}
@online{RXU:NewTypes,
    label          = {New Types},
    shorthand      = {RXU: New Types},
    title          = {RXU: Four new types of string},
    indextitle     = {RXU string types},
    author         = {Josep Maria Blasco},
    keywords       = {ARB, RXU},
    institution    = {Architecture Review Board},
    url            = {https://github.com/RexxLA/rexx-repository/blob/master/ARB/standards/work-in-progress/unicode/UnicodeTools/doc/string-types.md},
    urldate        = {2023-10-27}
}
@online{RXU:OPT,
    label          = {OPTIONS},
    shorthand      = {RXU: OPTIONS},
    title          = {RXU: New values for the OPTIONS instruction},
    indextitle     = {RXU OPTIONS statement},
    author         = {Josep Maria Blasco},
    keywords       = {ARB, RXU},
    institution    = {Architecture Review Board},
    url            = {https://github.com/RexxLA/rexx-repository/blob/master/ARB/standards/work-in-progress/unicode/UnicodeTools/doc/options.md},
    urldate        = {2023-09-27}
}
