@online{UFAQs,
    label          = {Unicode FAQs},
    shorthand      = {Unicode FAQs},
    title          = {Unicode Frequently Asked Questions},
    keywords       = {FAQ,Unicode},
    instituition   = {The Unicode Consortium},
    url            = {https://unicode.org/faq/},
    urldate        = {2023-09-27}
}
@online{UFAQ:Chars,
    label          = {FAQ: chars and CM},
    shorthand      = {FAQ: chars and CM},
    title          = {FAQ: Characters \& Combining Marks},
    indextitle     = {Unicode FAQ: Characters \& Combining Marks},
    keywords       = {FAQ,Unicode},
    instituition   = {The Unicode Consortium},
    url            = {https://unicode.org/faq/char_combmark.html},
    urldate        = {2023-09-27}
}
@online{UFAQ:Norm,
    label          = {FAQ: Norm},
    shorthand      = {FAQ: Norm},
    title          = {FAQ: Normalization},
    indextitle     = {Unicode FAQ: Normalization},
    keywords       = {FAQ,Unicode},
    instituition   = {The Unicode Consortium},
    url            = {https://unicode.org/faq/normalization.html},
    urldate        = {2023-09-27}
}
@online{UFAQ:Spec,
    label          = {FAQ: Spec},
    shorthand      = {FAQ: Spec},
    title          = {FAQ: Specifications},
    indextitle     = {Unicode FAQ: Specifications},
    keywords       = {FAQ,Unicode},
    instituition   = {The Unicode Consortium},
    url            = {https://unicode.org/faq/specifications.html},
    urldate        = {2023-09-27}
}
