@report{RFC:2781,
    label          = {RFC 2781},
    type           = {standard},
    title          = {UTF-16, a transformation format of ISO 10646},
    indextitle     = {RFC 2781: UTF-16, a transformation format of ISO 10646},
    keywords       = {IETF,standard},
    instituition   = {Internet Engineering Task Force (IETF)'},
    url            = {https://datatracker.ietf.org/doc/rfc2781/},
    urldate        = {2023-09-27}
}
@report{RFC:3629,
    label          = {RFC 3629},
    type           = {standard},
    title          = {UTF-8, a transformation format of ISO 10646},
    indextitle     = {RFC 3629: UTF-8, a transformation format of ISO 10646},
    keywords       = {IETF,standard},
    instituition   = {Internet Engineering Task Force (IETF)'},
    url            = {https://datatracker.ietf.org/doc/rfc3629/},
    urldate        = {2023-09-27}
}
@report{RFC:5137,
    label          = {RFC 5137},
    type           = {standard},
    title          = {ASCII Escaping of Unicode Characters},
    indextitle     = {RFC 5137: ASCII Escaping of Unicode Characters},
    keywords       = {IETF,standard},
    instituition   = {Internet Engineering Task Force (IETF)'},
    url            = {https://datatracker.ietf.org/doc/rfc5137/},
    urldate        = {2023-09-27}
}
@report{RFC:5198,
    label          = {RFC 5198},
    type           = {standard},
    title          = {Unicode Format for Network Interchange},
    indextitle     = {RFC 5198: Unicode Format for Network Interchange},
    keywords       = {IETF,standard},
    instituition   = {Internet Engineering Task Force (IETF)'},
    url            = {https://datatracker.ietf.org/doc/rfc5198/},
    urldate        = {2023-09-27}
}
