@report{ISO:8859-1,
    label         = {ISO/IEC 8859-1:1997 (E)},
    type          = {standard},
    title         = {Final Text of DIS 8859-1, 8-bit single-byte coded graphic character sets-Part 1: Latin alphabet No.1},
    indextitle    = {ISO 8859-1: Final Text of DIS 8859-1, 8-bit single-byte coded graphic character sets-Part 1: Latin alphabet No.1},
    keywords      = {IETF,standard},
    instituition  = {International Standards Organization (ISO)},
    url           = {https://www.open-std.org/JTC1/sc2/wg3/docs/n411.pdf},
    urldate       = {2023-09-27}
}
@report{ISO:10646,
    label         = {ISO/IEC 10646},
    type          = {standard},
    title         = {Information technology - Universal coded character set (UCS)},
    indextitle    = {ISO 10646: Information technology - Universal coded character set (UCS)},
    keywords      = {IETF,standard},
    instituition  = {International Standards Organization )ISO)},
    url           = {https://www.iso.org/standard/76835.html},
    urldate       = {2023-09-27}
}
