@report{Unicode,
    label          = {Unicode},
    shorthand      = {Unicode},
    type           = {standard},
    title          = {The Unicode{\textregistered} Standard},
    subittle       = {Version 15.0 - Core Specification},
    shorttitle     = {Unicode Standard},
    indexsorttitle = {Unicode Standard},
    keywords       = {Unicode,standard},
    date           = {2022-09},
    isbn           = {978-1-936213-32-0},
    instituition   = {The Unicode Consortium},
    url            = {https://www.unicode.org/versions/Unicode15.0.0/},
    urldate        = {2023-09-25}
}
@report{USTD:3.9,
    label          = {Unicode Sec. 3.9},
    shorthand      = {Unicode Sec. 3.9},
    type           = {standard},
    title          = {The Unicode{\textregistered} Standard},
    subittle       = {Version 15.0 - Core Specification},
    indexsorttitle = {Unicode Standard p. 50},
    keywords       = {Unicode,standard},
    date           = {2022-09},
    chapter        = {3.9 Unicode Encoding Forms},
    pages          = {119-129},
    instituition   = {The Unicode Consortium},
    isbn           = {978-1-936213-32-0},
    instituition   = {The Unicode Consortium},
    url            = {https://www.unicode.org/versions/Unicode15.0.0/ch03.pdf#page=50},
    urldate        = {2023-09-25}
}
@online{USTD:Gloss,
    label          = {Unicode Glossary},
    shorthand      = {Unicode Glossary},
    type           = {standard},
    title          = {Glossary of Unicode Terms},
    shorttitle     = {Unicode Glossary},
    indexsorttitle = {Unicode Glossary},
    keywords       = {Unicode,standard},
    instituition   = {The Unicode Consortium},
    url            = {https://unicode.org/glossary/},
    urldate        = {2023-09-25}
}
@ONLINE{UCD,
    label          = {UCD},
    shorthand      = {UCD},
    type           = {standard},
    title          = {Unicode{\textregistered} Character Database (UCD)},
    shorttitle     = {Unicode Character Database},
    indexsorttitle = {Unicode Character Database},
    keywords       = {Unicode,standard},
    instituition   = {The Unicode Consortium},
    url            = {https://www.unicode.org/ucd/},
    urldate        = {2023-09-25}
}
@ONLINE{CLDR,
    label          = {Unicode CLDR Project},
    shorthand      = {Unicode CLDR Project},
    type           = {standard},
    title          = {Unicode{\textregistered} Common Locale Data Repository (CLDR)},
    shorttitle     = {Common Locale Data Repository (CLDR)},
    indexsorttitle = {CLDR Project},
    keywords       = {Unicode,standard},
    instituition   = {The Unicode Consortium},
    url            = {https://cldr.unicode.org/},
    urldate        = {2023-09-25}
}
@ONLINE{UAX15,
    label          = {UAX 15},
    shorthand      = {UAX 15},
    type           = {standard},
    title          = {Unicode{\textregistered} Standard Annex \#15},
    subtitle       = {Unicode Normalization Forms},
    indexsorttitle = {Unicode Annex \#15},
    keywords       = {Unicode,standard},
    instituition   = {The Unicode Consortium},
    url            = {https://cldr.unicode.org/},
    urldate        = {2023-09-25}
}
@ONLINE{UAX29,
    label          = {UAX 29},
    type           = {standard},
    shorthand      = {UAX 29},
    title          = {Unicode{\textregistered} Standard Annex \#29},
    subtitle       = {Unicode Text Segmentation},
    indexsorttitle = {Unicode Annex \#29},
    keywords       = {Unicode,standard},
    instituition   = {The Unicode Consortium},
    url            = {https://www.unicode.org/reports/tr29/},
    urldate        = {2023-09-25}
}
@ONLINE{UAX31,
    label          = {UAX 31},
    type           = {standard},
    title          = {Unicode{\textregistered} Standard Annex \#31},
    subtitle       = {Unicode Identifiers and Syntax},
    indexsorttitle = {Unicode Annex \#31},
    keywords       = {Unicode,standard},
    instituition   = {The Unicode Consortium},
    url            = {https://www.unicode.org/reports/tr31/},
    urldate        = {2023-09-25}
}
@ONLINE{UAX42,
    label          = {UAX 42},
    type           = {standard},
    shorthand      = {UAX 42},
    title          = {Unicode{\textregistered} Standard Annex \#42},
    subtitle       = {Unicode Character Database in XML},
    indexsorttitle = {Unicode Annex \#42},
    keywords       = {Unicode,standard},
    instituition   = {The Unicode Consortium},
    url            = {https://www.unicode.org/reports/tr42/},
    urldate        = {2023-09-25}
}
@ONLINE{UAX44,
    label          = {UAX 44},
    type           = {standard},
    shorthand      = {UAX 44},
    title          = {Unicode{\textregistered} Standard Annex \#44},
    subtitle       = {Unicode Character Database},
    indexsorttitle = {Unicode Annex \#44},
    keywords       = {Unicode,standard},
    instituition   = {The Unicode Consortium},
    url            = {https://www.unicode.org/reports/tr44/},
    urldate        = {2023-09-25}
}

@ONLINE{UTS10,
    label          = {UTS \#10},
    type           = {standard},
    title          = {Unicode{\textregistered} Technical Standard \#10},
    subtitle       = {Unicode Collation Algorithm},
    indexsorttitle = {Unicode Standard},
    keywords       = {Unicode,standard},
    instituition   = {The Unicode Consortium},
    url            = {https://www.unicode.org/reports/tr10/},
    urldate        = {2023-09-27}
}
@ONLINE{UTS18,
    label          = {UTS \#18},
    type           = {standard},
    title          = {Unicode{\textregistered} Technical Standard \#18},
    subtitle       = {Unicode Regular Expressions},
    indexsorttitle = {Unicode Standard},
    keywords       = {Unicode,standard},
    instituition   = {The Unicode Consortium},
    url            = {https://www.unicode.org/reports/tr18/},
    urldate        = {2023-09-27}
}
@ONLINE{UTS55,
    label          = {UTS \#55},
    type           = {standard},
    title          = {Unicode{\textregistered} Technical Standard \#55},
    subtitle       = {Unicode Source Code Handling},
    indexsorttitle = {Unicode Standard},
    keywords       = {Unicode,standard},
    instituition   = {The Unicode Consortium},
    url            = {https://www.unicode.org/reports/tr55/},
    urldate        = {2023-09-27}
}
