@misc{ANSI-X3-274,
    author         = {ANSI-X3-274},
    label          = {INCITS 274-1996[S2008]},
    year           = {1996},
    type           = {standard},
    shorthand      = {INCITS 274-1996[S2008]},
    title          = {American National Standard for Information Systems - Programming Language REXX},
    shorttitle     = {ANSI Rexx},
    indexsorttitle = {Rexx ANSI standard},
    keywords       = {ANSI,standard},
    institution    = {American National Standards Institute (ANSI)},
    url            = {https://webstore.ansi.org/standards/incits/incits2741996s2008},
    urldate        = {2023-09-27}
}
